@misc{Burlacu,
    author = "Alex Burlacu",
    title = "Speeding up Convolutional Neural Networks",
    year = "2018",
    howpublished = "\url{https://towardsdatascience.com/speeding-up-convolutional-neural-networks-240beac5e30f}"
}
@misc{Sobel,
    author = "Wikipedia",
    title = "Sobel operator",
    year = "",
    howpublished = "\url{https://en.wikipedia.org/wiki/Sobel_operator}"
}

@misc{pyface,
    author = "",
    title = "The world's simplest facial recognition api for Python and the command line",
    howpublished = "\url{https://github.com/ageitgey/face_recognition}"
}
